<?xml version="1.0" encoding="UTF-8"?><record xmlns="http://www.loc.gov/MARC21/slim" xmlns:cinclude="http://apache.org/cocoon/include/1.0" xmlns:zs="http://www.loc.gov/zing/srw/">
  <leader>00479cz  a2200133n  4500</leader>
  <controlfield tag="001">n  85145011 </controlfield>
  <controlfield tag="003">DLC</controlfield>
  <controlfield tag="005">20080413074919.0</controlfield>
  <controlfield tag="008">870522n| acannaabn          |n ana     c</controlfield>
  <datafield tag="010" ind1=" " ind2=" ">
    <subfield code="a">n  85145011 </subfield>
  </datafield>
  <datafield tag="035" ind1=" " ind2=" ">
    <subfield code="a">(OCoLC)oca01861138</subfield>
  </datafield>
  <datafield tag="040" ind1=" " ind2=" ">
    <subfield code="a">Sc</subfield>
    <subfield code="b">eng</subfield>
    <subfield code="c">DLC</subfield>
    <subfield code="d">OCoLC</subfield>
  </datafield>
  <datafield tag="110" ind1="2" ind2=" ">
    <subfield code="a">South Carolina Energy Research &amp; Development Center.</subfield>
    <subfield code="b">State Energy Programs Office</subfield>
  </datafield>
  <datafield tag="670" ind1=" " ind2=" ">
    <subfield code="a">Its Energy trends, 1983:</subfield>
    <subfield code="b">t.p. (South Carolina Energy Research &amp; Development Center, State Energy Programs Office)</subfield>
  </datafield>
</record>